<record><leader>00000cas a22000007a 4500</leader><controlfield tag="001">35239683</controlfield><controlfield tag="008">960814d189u189uokuwr n       0    0eng d</controlfield><datafield ind1=" " ind2=" " tag="010"><subfield code="a">sn 96093894 </subfield></datafield><datafield ind1=" " ind2=" " tag="040"><subfield code="a">OBN</subfield><subfield code="b">eng</subfield><subfield code="c">OBN</subfield><subfield code="d">OCLCQ</subfield><subfield code="d">OCLCF</subfield><subfield code="d">OCLCO</subfield></datafield><datafield ind1="1" ind2=" " tag="029"><subfield code="a">AU@</subfield><subfield code="b">000012746236</subfield></datafield><datafield ind1=" " ind2=" " tag="042"><subfield code="a">msc</subfield></datafield><datafield ind1=" " ind2=" " tag="043"><subfield code="a">n-us-ok</subfield></datafield><datafield ind1="0" ind2=" " tag="130"><subfield code="a">Kingfisher daily times (Kingfisher, Okla. : 1892)</subfield></datafield><datafield ind1="1" ind2="4" tag="245"><subfield code="a">The Kingfisher daily times.</subfield></datafield><datafield ind1=" " ind2=" " tag="260"><subfield code="a">Kingfisher, Okla. :</subfield><subfield code="b">Jackson &amp; Purcell</subfield></datafield><datafield ind1=" " ind2=" " tag="300"><subfield code="a">v.</subfield></datafield><datafield ind1=" " ind2=" " tag="310"><subfield code="a">Daily</subfield></datafield><datafield ind1=" " ind2=" " tag="588"><subfield code="a">Description based on: May 16, 1892.</subfield></datafield><datafield ind1=" " ind2="0" tag="651"><subfield code="a">Kingfisher (Okla.)</subfield><subfield code="v">Newspapers.</subfield></datafield><datafield ind1=" " ind2="0" tag="651"><subfield code="a">Kingfisher County (Okla.)</subfield><subfield code="v">Newspapers.</subfield></datafield><datafield ind1=" " ind2="7" tag="655"><subfield code="a">Newspapers.</subfield><subfield code="2">fast</subfield><subfield code="0">(OCoLC)fst01423814</subfield></datafield><datafield ind1=" " ind2="7" tag="651"><subfield code="a">Oklahoma</subfield><subfield code="z">Kingfisher.</subfield><subfield code="2">fast</subfield><subfield code="0">(OCoLC)fst01221397</subfield></datafield><datafield ind1=" " ind2="7" tag="651"><subfield code="a">Oklahoma</subfield><subfield code="z">Kingfisher County.</subfield><subfield code="2">fast</subfield><subfield code="0">(OCoLC)fst01219314</subfield></datafield><datafield ind1=" " ind2=" " tag="752"><subfield code="a">United States</subfield><subfield code="b">Oklahoma</subfield><subfield code="c">Kingfisher</subfield><subfield code="d">Kingfisher.</subfield></datafield><datafield ind1="0" ind2=" " tag="775"><subfield code="t">Kingfisher times</subfield><subfield code="w">(DLC)sn 96093893</subfield><subfield code="w">(OCoLC)35239602</subfield></datafield></record>